<record xmlns:xsi="http://www.w3.org/2001/XMLSchema-instance" xmlns="http://www.loc.gov/MARC21/slim" xsi:schemaLocation="http://www.loc.gov/MARC21/slim http://www.loc.gov/standards/marcxml/schema/MARC21slim.xsd">

  <leader>01143nam a22002057a 4500</leader>
  <controlfield tag="008">160420b2006    cr ||||| |||| 00| | spa d</controlfield>
  <datafield ind2=" " tag="090" ind1=" ">
    <subfield code="a">Tesis # 52</subfield>
  </datafield>
  <datafield ind1="1" tag="100" ind2=" ">
    <subfield code="9">1578</subfield>
    <subfield code="a">Jiménez Mora, Luzbelia </subfield>
  </datafield>
  <datafield ind2="0" tag="245" ind1="1">
    <subfield code="a">Análisis de los procedimientos utilizados para evaluar el desempeño de los docentes de I y II ciclo del circuito 03 de la Dirección Regional de San José: propuesta de un procedimiento para la auto evaluación del desempeño docente como un proceso de mejoramiento continuo / </subfield>
    <subfield code="c">Luzbelia Jiménez Mora, Elizabeth Moya Quesada</subfield>
  </datafield>
  <datafield ind2=" " tag="260" ind1=" ">
    <subfield code="a">[San José, Costa Rica] :  </subfield>
    <subfield code="b">L. Jiménez M.; E. Moya Q.,</subfield>
    <subfield code="c">2006</subfield>
  </datafield>
  <datafield ind2=" " ind1=" " tag="300">
    <subfield code="a">ii, 73hojas; 41hojas; </subfield>
    <subfield code="b">ilustraciones a color</subfield>
  </datafield>
  <datafield ind2=" " tag="502" ind1=" ">
    <subfield code="a">Proyecto de graduación (licenciatura en ciencias de la educación con énfasis en administración educativa)--Universidad de Costa Rica. Facultad de educación. Escuela de administración educativa, 2006</subfield>
  </datafield>
  <datafield ind2="4" ind1="1" tag="650">
    <subfield code="9">1580</subfield>
    <subfield code="a">PERSONAL DOCENTE</subfield>
  </datafield>
  <datafield ind2="4" tag="650" ind1="1">
    <subfield code="9">287</subfield>
    <subfield code="a">EVALUACIÓN </subfield>
  </datafield>
  <datafield ind2="4" tag="650" ind1="1">
    <subfield code="9">761</subfield>
    <subfield code="a">AUTOEVALUACIÓN</subfield>
  </datafield>
  <datafield tag="650" ind1="1" ind2="4">
    <subfield code="9">163</subfield>
    <subfield code="a">INVESTIGACIÓN</subfield>
  </datafield>
  <datafield ind2="4" tag="650" ind1="1">
    <subfield code="9">1581</subfield>
    <subfield code="a">INSPECCIÓN ESCOLAR</subfield>
  </datafield>
  <datafield ind2=" " tag="700" ind1="1">
    <subfield code="9">1582</subfield>
    <subfield code="a">Moya Quesada, Elizabeth </subfield>
  </datafield>
  <datafield ind2=" " ind1=" " tag="942">
    <subfield code="2">z</subfield>
    <subfield code="c">02</subfield>
  </datafield>
  <datafield ind2=" " ind1=" " tag="999">
    <subfield code="c">3129</subfield>
    <subfield code="d">3129</subfield>
  </datafield>
</record>